%  you will need to comment out the \bibliography{B07} line in your B07.tex file

@MISC{2016ascl.soft05001H,
       author = {{Hinton}, Samuel},
        title = "{MARZ: Redshifting Program}",
     keywords = {Software},
 howpublished = {Astrophysics Source Code Library, record ascl:1605.001},
         year = 2016,
        month = may,
          eid = {ascl:1605.001},
        pages = {ascl:1605.001},
archivePrefix = {ascl},
       eprint = {1605.001},
       adsurl = {https://ui.adsabs.harvard.edu/abs/2016ascl.soft05001H},
      adsnote = {Provided by the SAO/NASA Astrophysics Data System}
}
